
@ARTICLE{2003AJ....126.2081A,
   author = {{Abazajian}, K. and {Adelman-McCarthy}, J.~K. and {Ag{\"u}eros}, M.~A. and 
	{Allam}, S.~S. and {Anderson}, S.~F. and {Annis}, J. and {Bahcall}, N.~A. and 
	{Baldry}, I.~K. and {Bastian}, S. and {Berlind}, A. and {Bernardi}, M. and 
	{Blanton}, M.~R. and {Blythe}, N. and {Bochanski}, Jr., J.~J. and 
	{Boroski}, W.~N. and {Brewington}, H. and {Briggs}, J.~W. and 
	{Brinkmann}, J. and {Brunner}, R.~J. and {Budav{\'a}ri}, T. and 
	{Carey}, L.~N. and {Carr}, M.~A. and {Castander}, F.~J. and 
	{Chiu}, K. and {Collinge}, M.~J. and {Connolly}, A.~J. and {Covey}, K.~R. and 
	{Csabai}, I. and {Dalcanton}, J.~J. and {Dodelson}, S. and {Doi}, M. and 
	{Dong}, F. and {Eisenstein}, D.~J. and {Evans}, M.~L. and {Fan}, X. and 
	{Feldman}, P.~D. and {Finkbeiner}, D.~P. and {Friedman}, S.~D. and 
	{Frieman}, J.~A. and {Fukugita}, M. and {Gal}, R.~R. and {Gillespie}, B. and 
	{Glazebrook}, K. and {Gonzalez}, C.~F. and {Gray}, J. and {Grebel}, E.~K. and 
	{Grodnicki}, L. and {Gunn}, J.~E. and {Gurbani}, V.~K. and {Hall}, P.~B. and 
	{Hao}, L. and {Harbeck}, D. and {Harris}, F.~H. and {Harris}, H.~C. and 
	{Harvanek}, M. and {Hawley}, S.~L. and {Heckman}, T.~M. and 
	{Helmboldt}, J.~F. and {Hendry}, J.~S. and {Hennessy}, G.~S. and 
	{Hindsley}, R.~B. and {Hogg}, D.~W. and {Holmgren}, D.~J. and 
	{Holtzman}, J.~A. and {Homer}, L. and {Hui}, L. and {Ichikawa}, S.-i. and 
	{Ichikawa}, T. and {Inkmann}, J.~P. and {Ivezi{\'c}}, {\v Z}. and 
	{Jester}, S. and {Johnston}, D.~E. and {Jordan}, B. and {Jordan}, W.~P. and 
	{Jorgensen}, A.~M. and {Juri{\'c}}, M. and {Kauffmann}, G. and 
	{Kent}, S.~M. and {Kleinman}, S.~J. and {Knapp}, G.~R. and {Kniazev}, A.~Y. and 
	{Kron}, R.~G. and {Krzesi{\'n}ski}, J. and {Kunszt}, P.~Z. and 
	{Kuropatkin}, N. and {Lamb}, D.~Q. and {Lampeitl}, H. and {Laubscher}, B.~E. and 
	{Lee}, B.~C. and {Leger}, R.~F. and {Li}, N. and {Lidz}, A. and 
	{Lin}, H. and {Loh}, Y.-S. and {Long}, D.~C. and {Loveday}, J. and 
	{Lupton}, R.~H. and {Malik}, T. and {Margon}, B. and {McGehee}, P.~M. and 
	{McKay}, T.~A. and {Meiksin}, A. and {Miknaitis}, G.~A. and 
	{Moorthy}, B.~K. and {Munn}, J.~A. and {Murphy}, T. and {Nakajima}, R. and 
	{Narayanan}, V.~K. and {Nash}, T. and {Neilsen}, Jr., E.~H. and 
	{Newberg}, H.~J. and {Newman}, P.~R. and {Nichol}, R.~C. and 
	{Nicinski}, T. and {Nieto-Santisteban}, M. and {Nitta}, A. and 
	{Odenkirchen}, M. and {Okamura}, S. and {Ostriker}, J.~P. and 
	{Owen}, R. and {Padmanabhan}, N. and {Peoples}, J. and {Pier}, J.~R. and 
	{Pindor}, B. and {Pope}, A.~C. and {Quinn}, T.~R. and {Rafikov}, R.~R. and 
	{Raymond}, S.~N. and {Richards}, G.~T. and {Richmond}, M.~W. and 
	{Rix}, H.-W. and {Rockosi}, C.~M. and {Schaye}, J. and {Schlegel}, D.~J. and 
	{Schneider}, D.~P. and {Schroeder}, J. and {Scranton}, R. and 
	{Sekiguchi}, M. and {Seljak}, U. and {Sergey}, G. and {Sesar}, B. and 
	{Sheldon}, E. and {Shimasaku}, K. and {Siegmund}, W.~A. and 
	{Silvestri}, N.~M. and {Sinisgalli}, A.~J. and {Sirko}, E. and 
	{Smith}, J.~A. and {Smol{\v c}i{\'c}}, V. and {Snedden}, S.~A. and 
	{Stebbins}, A. and {Steinhardt}, C. and {Stinson}, G. and {Stoughton}, C. and 
	{Strateva}, I.~V. and {Strauss}, M.~A. and {SubbaRao}, M. and 
	{Szalay}, A.~S. and {Szapudi}, I. and {Szkody}, P. and {Tasca}, L. and 
	{Tegmark}, M. and {Thakar}, A.~R. and {Tremonti}, C. and {Tucker}, D.~L. and 
	{Uomoto}, A. and {Vanden Berk}, D.~E. and {Vandenberg}, J. and 
	{Vogeley}, M.~S. and {Voges}, W. and {Vogt}, N.~P. and {Walkowicz}, L.~M. and 
	{Weinberg}, D.~H. and {West}, A.~A. and {White}, S.~D.~M. and 
	{Wilhite}, B.~C. and {Willman}, B. and {Xu}, Y. and {Yanny}, B. and 
	{Yarger}, J. and {Yasuda}, N. and {Yip}, C.-W. and {Yocum}, D.~R. and 
	{York}, D.~G. and {Zakamska}, N.~L. and {Zehavi}, I. and {Zheng}, W. and 
	{Zibetti}, S. and {Zucker}, D.~B.},
    title = "{The First Data Release of the Sloan Digital Sky Survey}",
  journal = {\aj},
   eprint = {astro-ph/0305492},
 keywords = {Atlases, Catalogs, Surveys},
     year = 2003,
    month = oct,
   volume = 126,
    pages = {2081-2086},
      doi = {10.1086/378165},
   adsurl = {http://adsabs.harvard.edu/abs/2003AJ....126.2081A},
  adsnote = {Provided by the SAO/NASA Astrophysics Data System}
}

@ARTICLE{2014ApJS..211...17A,
   author = {{Ahn}, C.~P. and {Alexandroff}, R. and {Allende Prieto}, C. and 
	{Anders}, F. and {Anderson}, S.~F. and {Anderton}, T. and {Andrews}, B.~H. and 
	{Aubourg}, {\'E}. and {Bailey}, S. and {Bastien}, F.~A. and et al.},
    title = "{The Tenth Data Release of the Sloan Digital Sky Survey: First Spectroscopic Data from the SDSS-III Apache Point Observatory Galactic Evolution Experiment}",
  journal = {\apjs},
archivePrefix = "arXiv",
   eprint = {1307.7735},
 primaryClass = "astro-ph.IM",
 keywords = {atlases, catalogs, surveys},
     year = 2014,
    month = apr,
   volume = 211,
      eid = {17},
    pages = {17},
      doi = {10.1088/0067-0049/211/2/17},
   adsurl = {http://adsabs.harvard.edu/abs/2014ApJS..211...17A},
  adsnote = {Provided by the SAO/NASA Astrophysics Data System}
}

@ARTICLE{1994AA...287...43B,
   author = {{Batsleer}, P. and {Dejonghe}, H.},
    title = "{The generation of Stackel potentials for galactic dynamical modeling}",
  journal = {\aap},
 keywords = {Astronomical Models, Dynamic Models, Galactic Structure, Milky Way Galaxy, Potential, Rotation, Galactic Halos, Measure And Integration, Rotating Disks},
     year = 1994,
    month = jul,
   volume = 287,
    pages = {43-54},
   adsurl = {http://adsabs.harvard.edu/abs/1994A%26A...287...43B},
  adsnote = {Provided by the SAO/NASA Astrophysics Data System}
}

@BOOK{2008gady.book.....B,
   author = {{Binney}, J. and {Tremaine}, S.},
    title = "{Galactic Dynamics: Second Edition}",
booktitle = {Galactic Dynamics: Second Edition, by James Binney and Scott Tremaine.~ISBN 978-0-691-13026-2 (HB).~Published by Princeton University Press, Princeton, NJ USA, 2008.},
     year = 2008,
publisher = {Princeton University Press},
   adsurl = {http://adsabs.harvard.edu/abs/2008gady.book.....B},
  adsnote = {Provided by the SAO/NASA Astrophysics Data System}
}

@ARTICLE{2010MNRAS.401.2318B,
   author = {{Binney}, J.},
    title = "{Distribution functions for the Milky Way}",
  journal = {\mnras},
archivePrefix = "arXiv",
   eprint = {0910.1512},
 keywords = {solar neighbourhood, Galaxy: disc, galaxies: kinematics and dynamics},
     year = 2010,
    month = feb,
   volume = 401,
    pages = {2318-2330},
      doi = {10.1111/j.1365-2966.2009.15845.x},
   adsurl = {http://adsabs.harvard.edu/abs/2010MNRAS.401.2318B},
  adsnote = {Provided by the SAO/NASA Astrophysics Data System}
}

@ARTICLE{2011Prama..77...39B,
   author = {{Binney}, J.},
    title = "{Extracting science from surveys of our Galaxy}",
  journal = {Pramana},
archivePrefix = "arXiv",
   eprint = {1104.2839},
     year = 2011,
    month = jul,
   volume = 77,
    pages = {39-52},
      doi = {10.1007/s12043-011-0110-7},
   adsurl = {http://adsabs.harvard.edu/abs/2011Prama..77...39B},
  adsnote = {Provided by the SAO/NASA Astrophysics Data System}
}

@ARTICLE{2011MNRAS.413.1889B,
   author = {{Binney}, J. and {McMillan}, P.},
    title = "{Models of our Galaxy - II}",
  journal = {\mnras},
archivePrefix = "arXiv",
   eprint = {1101.0747},
 keywords = {Galaxy: disc, Galaxy: kinematics and dynamics, Galaxy: structure, galaxies: kinematics and dynamics},
     year = 2011,
    month = may,
   volume = 413,
    pages = {1889-1898},
      doi = {10.1111/j.1365-2966.2011.18268.x},
   adsurl = {http://adsabs.harvard.edu/abs/2011MNRAS.413.1889B},
  adsnote = {Provided by the SAO/NASA Astrophysics Data System}
}

@ARTICLE{2012MNRAS.426.1324B,
   author = {{Binney}, J.},
    title = "{Actions for axisymmetric potentials}",
  journal = {\mnras},
archivePrefix = "arXiv",
   eprint = {1207.4910},
 keywords = {Galaxy: kinematics and dynamics, galaxies: kinematics and dynamics},
     year = 2012,
    month = oct,
   volume = 426,
    pages = {1324-1327},
      doi = {10.1111/j.1365-2966.2012.21757.x},
   adsurl = {http://adsabs.harvard.edu/abs/2012MNRAS.426.1324B},
  adsnote = {Provided by the SAO/NASA Astrophysics Data System}
}

@ARTICLE{2012MNRAS.426.1328B,
   author = {{Binney}, J.},
    title = "{More dynamical models of our Galaxy}",
  journal = {\mnras},
archivePrefix = "arXiv",
   eprint = {1207.4917},
 keywords = {Galaxy: disc, solar neighbourhood, galaxies: kinematics and dynamics},
     year = 2012,
    month = oct,
   volume = 426,
    pages = {1328-1337},
      doi = {10.1111/j.1365-2966.2012.21692.x},
   adsurl = {http://adsabs.harvard.edu/abs/2012MNRAS.426.1328B},
  adsnote = {Provided by the SAO/NASA Astrophysics Data System}
}

@ARTICLE{2013NewAR..57...29B,
   author = {{Binney}, J.},
    title = "{Dynamics for galactic archaeology}",
  journal = {NewAR},
archivePrefix = "arXiv",
   eprint = {1309.2794},
     year = 2013,
    month = sep,
   volume = 57,
    pages = {29-51},
      doi = {10.1016/j.newar.2013.08.001},
   adsurl = {http://adsabs.harvard.edu/abs/2013NewAR..57...29B},
  adsnote = {Provided by the SAO/NASA Astrophysics Data System}
}

@ARTICLE{2012ApJ...751..131B,
   author = {{Bovy}, J. and {Rix}, H.-W. and {Hogg}, D.~W.},
    title = "{The Milky Way Has No Distinct Thick Disk}",
  journal = {\apj},
archivePrefix = "arXiv",
   eprint = {1111.6585},
 primaryClass = "astro-ph.GA",
 keywords = {Galaxy: abundances, Galaxy: disk, Galaxy: evolution, Galaxy: formation, Galaxy: fundamental parameters, Galaxy: structure},
     year = 2012,
    month = jun,
   volume = 751,
      eid = {131},
    pages = {131},
      doi = {10.1088/0004-637X/751/2/131},
   adsurl = {http://adsabs.harvard.edu/abs/2012ApJ...751..131B},
  adsnote = {Provided by the SAO/NASA Astrophysics Data System}
}

@ARTICLE{2012ApJ...755..115B,
   author = {{Bovy}, J. and {Rix}, H.-W. and {Hogg}, D.~W. and {Beers}, T.~C. and 
	{Lee}, Y.~S. and {Zhang}, L.},
    title = "{The Vertical Motions of Mono-abundance Sub-populations in the Milky Way Disk}",
  journal = {\apj},
archivePrefix = "arXiv",
   eprint = {1202.2819},
 primaryClass = "astro-ph.GA",
 keywords = {Galaxy: abundances, Galaxy: disk, Galaxy: evolution, Galaxy: formation, Galaxy: kinematics and dynamics, Galaxy: structure},
     year = 2012,
    month = aug,
   volume = 755,
      eid = {115},
    pages = {115},
      doi = {10.1088/0004-637X/755/2/115},
   adsurl = {http://adsabs.harvard.edu/abs/2012ApJ...755..115B},
  adsnote = {Provided by the SAO/NASA Astrophysics Data System}
}

@ARTICLE{2012ApJ...753..148B,
   author = {{Bovy}, J. and {Rix}, H.-W. and {Liu}, C. and {Hogg}, D.~W. and 
	{Beers}, T.~C. and {Lee}, Y.~S.},
    title = "{The Spatial Structure of Mono-abundance Sub-populations of the Milky Way Disk}",
  journal = {\apj},
archivePrefix = "arXiv",
   eprint = {1111.1724},
 primaryClass = "astro-ph.GA",
 keywords = {Galaxy: abundances, Galaxy: disk, Galaxy: evolution, Galaxy: formation, Galaxy: fundamental parameters, Galaxy: structure},
     year = 2012,
    month = jul,
   volume = 753,
      eid = {148},
    pages = {148},
      doi = {10.1088/0004-637X/753/2/148},
   adsurl = {http://adsabs.harvard.edu/abs/2012ApJ...753..148B},
  adsnote = {Provided by the SAO/NASA Astrophysics Data System}
}

@ARTICLE{2012ApJ...756...89B,
   author = {{Bovy}, J. and {Tremaine}, S.},
    title = "{On the Local Dark Matter Density}",
  journal = {\apj},
archivePrefix = "arXiv",
   eprint = {1205.4033},
 primaryClass = "astro-ph.GA",
 keywords = {Galaxy: disk, Galaxy: fundamental parameters, Galaxy: halo, Galaxy: kinematics and dynamics, Galaxy: structure, solar neighborhood},
     year = 2012,
    month = sep,
   volume = 756,
      eid = {89},
    pages = {89},
      doi = {10.1088/0004-637X/756/1/89},
   adsurl = {http://adsabs.harvard.edu/abs/2012ApJ...756...89B},
  adsnote = {Provided by the SAO/NASA Astrophysics Data System}
}


@ARTICLE{2013ApJ...779..115B,
   author = {{Bovy}, J. and {Rix}, H.-W.},
    title = "{A Direct Dynamical Measurement of the Milky Way's Disk Surface Density Profile, Disk Scale Length, and Dark Matter Profile at 4 kpc $\lt$\~{} R $\lt$\~{} 9 kpc}",
  journal = {\apj},
archivePrefix = "arXiv",
   eprint = {1309.0809},
 primaryClass = "astro-ph.GA",
 keywords = {Galaxy: abundances, Galaxy: disk, Galaxy: fundamental parameters, Galaxy: kinematics and dynamics, Galaxy: structure, solar neighborhood},
     year = 2013,
    month = dec,
   volume = 779,
      eid = {115},
    pages = {115 (BR13)},
      doi = {10.1088/0004-637X/779/2/115},
   adsurl = {http://adsabs.harvard.edu/abs/2013ApJ...779..115B},
  adsnote = {Provided by the SAO/NASA Astrophysics Data System}
}


@ARTICLE{2015ApJS..216...29B,
   author = {{Bovy}, J.},
    title = "{galpy: A python Library for Galactic Dynamics}",
  journal = {\apjs},
archivePrefix = "arXiv",
   eprint = {1412.3451},
 keywords = {galaxies: general, galaxies: kinematics and dynamics, Galaxy: fundamental parameters },
     year = 2015,
    month = feb,
   volume = 216,
      eid = {29},
    pages = {29},
      doi = {10.1088/0067-0049/216/2/29},
   adsurl = {http://adsabs.harvard.edu/abs/2015ApJS..216...29B},
  adsnote = {Provided by the SAO/NASA Astrophysics Data System}
}

@ARTICLE{2016ApJ...818..130B,
   author = {{Bovy}, J. and {Rix}, H.-W. and {Green}, G.~M. and {Schlafly}, E.~F. and 
	{Finkbeiner}, D.~P.},
    title = "{On Galactic Density Modeling in the Presence of Dust Extinction}",
  journal = {\apj},
archivePrefix = "arXiv",
   eprint = {1509.06751},
 keywords = {dust, extinction, Galaxy: kinematics and dynamics, Galaxy: structure, methods: data analysis, stars: statistics, surveys},
     year = 2016,
    month = feb,
   volume = 818,
      eid = {130},
    pages = {130},
      doi = {10.3847/0004-637X/818/2/130},
   adsurl = {http://adsabs.harvard.edu/abs/2016ApJ...818..130B},
  adsnote = {Provided by the SAO/NASA Astrophysics Data System}
}

@ARTICLE{2015MNRAS.452..956B,
   author = {{B{\"u}denbender}, A. and {van de Ven}, G. and {Watkins}, L.~L.
	},
    title = "{The tilt of the velocity ellipsoid in the Milky Way disc}",
  journal = {\mnras},
archivePrefix = "arXiv",
   eprint = {1407.4808},
 keywords = {galaxies: kinematics and dynamics, dark matter},
     year = 2015,
    month = sep,
   volume = 452,
    pages = {956-968},
      doi = {10.1093/mnras/stv1314},
   adsurl = {http://adsabs.harvard.edu/abs/2015MNRAS.452..956B},
  adsnote = {Provided by the SAO/NASA Astrophysics Data System}
}

@ARTICLE{2011A&A...530A.138C,
   author = {{Casagrande}, L. and {Sch{\"o}nrich}, R. and {Asplund}, M. and 
	{Cassisi}, S. and {Ram{\'{\i}}rez}, I. and {Mel{\'e}ndez}, J. and 
	{Bensby}, T. and {Feltzing}, S.},
    title = "{New constraints on the chemical evolution of the solar neighbourhood and Galactic disc(s). Improved astrophysical parameters for the Geneva-Copenhagen Survey}",
  journal = {\aap},
archivePrefix = "arXiv",
   eprint = {1103.4651},
 primaryClass = "astro-ph.GA",
 keywords = {stars: abundances, stars: fundamental parameters, Hertzsprung-Russell and C-M diagrams, stars: kinematics and dynamics, Galaxy: disk, solar neighborhood},
     year = 2011,
    month = jun,
   volume = 530,
      eid = {A138},
    pages = {A138},
      doi = {10.1051/0004-6361/201016276},
   adsurl = {http://adsabs.harvard.edu/abs/2011A\%26A...530A.138C},
  adsnote = {Provided by the SAO/NASA Astrophysics Data System}
}

@ARTICLE{2016arXiv160309332D,
   author = {{Das}, P. and {Binney}, J.},
    title = "{Characterising stellar halo populations I: An extended distribution function for halo K giants}",
  journal = {ArXiv e-prints},
archivePrefix = "arXiv",
   eprint = {1603.09332},
 keywords = {Astrophysics - Astrophysics of Galaxies},
     year = 2016,
    month = mar,
   adsurl = {http://adsabs.harvard.edu/abs/2016arXiv160309332D},
  adsnote = {Provided by the SAO/NASA Astrophysics Data System}
}

@INPROCEEDINGS{2014EAS....67...23D,
   author = {{de Bruijne}, J.~H.~J. and {Rygl}, K.~L.~J. and {Antoja}, T.
	},
    title = "{Gaia Astrometric Science Performance - Post-Launch Predictions}",
booktitle = {EAS Publications Series},
     year = 2014,
   series = {EAS Publications Series},
   volume = 67,
archivePrefix = "arXiv",
   eprint = {1502.00791},
 primaryClass = "astro-ph.IM",
    month = jul,
    pages = {23-29},
      doi = {10.1051/eas/1567004},
   adsurl = {http://adsabs.harvard.edu/abs/2014EAS....67...23D},
  adsnote = {Provided by the SAO/NASA Astrophysics Data System}
}

@ARTICLE{1998MNRAS.294..429D,
   author = {{Dehnen}, W. and {Binney}, J.},
    title = "{Mass models of the Milky Way}",
  journal = {\mnras},
   eprint = {astro-ph/9612059},
 keywords = {Milky Way Galaxy, Galactic Mass, Astronomical Models, Galactic Structure, Mass Distribution, Galactic Halos, Luminosity, Density Distribution},
     year = 1998,
    month = mar,
   volume = 294,
    pages = {429},
      doi = {10.1046/j.1365-8711.1998.01282.x},
   adsurl = {http://adsabs.harvard.edu/abs/1998MNRAS.294..429D},
  adsnote = {Provided by the SAO/NASA Astrophysics Data System}
}

@ARTICLE{2007MNRAS.376...71D,
   author = {{de Lorenzi}, F. and {Debattista}, V.~P. and {Gerhard}, O. and 
	{Sambhus}, N.},
    title = "{NMAGIC: a fast parallel implementation of a {$\chi$}$^{2}$-made-to-measure algorithm for modelling observational data}",
  journal = {\mnras},
   eprint = {astro-ph/0701582},
 keywords = {methods: N-body simulations, methods: numerical, galaxies: kinematics and dynamics},
     year = 2007,
    month = mar,
   volume = 376,
    pages = {71-88},
      doi = {10.1111/j.1365-2966.2007.11434.x},
   adsurl = {http://adsabs.harvard.edu/abs/2007MNRAS.376...71D},
  adsnote = {Provided by the SAO/NASA Astrophysics Data System}
}

@ARTICLE{1985MNRAS.216..273D,
   author = {{de Zeeuw}, T.},
    title = "{Elliptical galaxies with separable potentials}",
  journal = {\mnras},
 keywords = {Celestial Mechanics, Elliptical Galaxies, Equations Of Motion, Galactic Structure, Gravitational Fields, Stellar Orbits, Astronomical Models, Density Distribution, Many Body Problem, Mass Distribution},
     year = 1985,
    month = sep,
   volume = 216,
    pages = {273-334},
      doi = {10.1093/mnras/216.2.273},
   adsurl = {http://adsabs.harvard.edu/abs/1985MNRAS.216..273D},
  adsnote = {Provided by the SAO/NASA Astrophysics Data System}
}

@PROCEEDINGS{1997ESASP1200.....E,
    title = "{The HIPPARCOS and TYCHO catalogues. Astrometric and photometric star catalogues derived from the ESA HIPPARCOS Space Astrometry Mission}",
 keywords = {SPACE ASTROMETRY, STAR CATALOGS, POSITIONS, ARTIFICIAL SATELLITES},
booktitle = {ESA Special Publication},
     year = 1997,
   series = {ESA Special Publication},
   volume = 1200,
   editor = {{ESA}},
   adsurl = {http://adsabs.harvard.edu/abs/1997ESASP1200.....E},
  adsnote = {Provided by the SAO/NASA Astrophysics Data System}
}

@ARTICLE{2003MNRAS.340..752F,
   author = {{Famaey}, B. and {Dejonghe}, H.},
    title = "{Three-component St{\"a}ckel potentials satisfying recent estimates of Milky Way parameters}",
  journal = {\mnras},
   eprint = {astro-ph/0212059},
 keywords = {Galaxy: kinematics and dynamics, Galaxy: structure},
     year = 2003,
    month = apr,
   volume = 340,
    pages = {752-762},
      doi = {10.1046/j.1365-8711.2003.06322.x},
   adsurl = {http://adsabs.harvard.edu/abs/2003MNRAS.340..752F},
  adsnote = {Provided by the SAO/NASA Astrophysics Data System}
}

@INPROCEEDINGS{2012sf2a.conf...15F,
   author = {{Famaey}, B.},
    title = "{Gaia and the dynamics of the Galaxy}",
 keywords = {Galaxy: kinematics and dynamics, Galaxy: evolution},
booktitle = {SF2A-2012: Proceedings of the Annual meeting of the French Society of Astronomy and Astrophysics},
     year = 2012,
archivePrefix = "arXiv",
   eprint = {1209.5753},
 primaryClass = "astro-ph.GA",
   editor = {{Boissier}, S. and {de Laverny}, P. and {Nardetto}, N. and {Samadi}, R. and 
	{Valls-Gabaud}, D. and {Wozniak}, H.},
    month = dec,
    pages = {15-24},
   adsurl = {http://adsabs.harvard.edu/abs/2012sf2a.conf...15F},
  adsnote = {Provided by the SAO/NASA Astrophysics Data System}
}


@ARTICLE{2013PASP..125..306F,
   author = {{Foreman-Mackey}, D. and {Hogg}, D.~W. and {Lang}, D. and {Goodman}, J.
	},
    title = "{emcee: The MCMC Hammer}",
  journal = {\pasp},
archivePrefix = "arXiv",
   eprint = {1202.3665},
 primaryClass = "astro-ph.IM",
     year = 2013,
    month = mar,
   volume = 125,
    pages = {306-312},
      doi = {10.1086/670067},
   adsurl = {http://adsabs.harvard.edu/abs/2013PASP..125..306F},
  adsnote = {Provided by the SAO/NASA Astrophysics Data System}
}


@ARTICLE{2012MNRAS.425.1445G,
   author = {{Garbari}, S. and {Liu}, C. and {Read}, J.~I. and {Lake}, G.
	},
    title = "{A new determination of the local dark matter density from the kinematics of K dwarfs}",
  journal = {\mnras},
archivePrefix = "arXiv",
   eprint = {1206.0015},
 primaryClass = "astro-ph.GA",
 keywords = {Galaxy: disc, Galaxy: kinematics and dynamics, dark matter },
     year = 2012,
    month = sep,
   volume = 425,
    pages = {1445-1458},
      doi = {10.1111/j.1365-2966.2012.21608.x},
   adsurl = {http://adsabs.harvard.edu/abs/2012MNRAS.425.1445G},
  adsnote = {Provided by the SAO/NASA Astrophysics Data System}
}

@ARTICLE{1983MNRAS.202.1025G,
   author = {{Gilmore}, G. and {Reid}, N.},
    title = "{New light on faint stars. III - Galactic structure towards the South Pole and the Galactic thick disc}",
  journal = {\mnras},
 keywords = {Galactic Structure, Southern Sky, Stellar Luminosity, Stellar Mass, Stellar Structure, Astronomical Photometry, Density Distribution, Metallicity, Star Distribution},
     year = 1983,
    month = mar,
   volume = 202,
    pages = {1025-1047},
      doi = {10.1093/mnras/202.4.1025},
   adsurl = {http://adsabs.harvard.edu/abs/1983MNRAS.202.1025G},
  adsnote = {Provided by the SAO/NASA Astrophysics Data System}
}

@ARTICLE{2004ApJS..152..103G,
   author = {{Gould}, A. and {Kollmeier}, J.~A.},
    title = "{Proper-Motion Catalog from SDSS {\cap} USNO-B}",
  journal = {\apjs},
   eprint = {astro-ph/0310842},
 keywords = {Astrometry, Catalogs, Stars: Fundamental Parameters, Stars: Late-Type, Stars: Subdwarfs, Stars: White Dwarfs},
     year = 2004,
    month = may,
   volume = 152,
    pages = {103-111},
      doi = {10.1086/382529},
   adsurl = {http://adsabs.harvard.edu/abs/2004ApJS..152..103G},
  adsnote = {Provided by the SAO/NASA Astrophysics Data System}
}

@ARTICLE{1959AnAp...22..126H,
   author = {{Henon}, M.},
    title = "{L'amas isochrone: I}",
  journal = {Annales d'Astrophysique},
     year = 1959,
    month = feb,
   volume = 22,
    pages = {126},
   adsurl = {http://adsabs.harvard.edu/abs/1959AnAp...22..126H},
  adsnote = {Provided by the SAO/NASA Astrophysics Data System}
}

@ARTICLE{2000A&A...355L..27H,
   author = {{H{\o}g}, E. and {Fabricius}, C. and {Makarov}, V.~V. and {Urban}, S. and 
	{Corbin}, T. and {Wycoff}, G. and {Bastian}, U. and {Schwekendiek}, P. and 
	{Wicenec}, A.},
    title = "{The Tycho-2 catalogue of the 2.5 million brightest stars}",
  journal = {\aap},
 keywords = {ASTROMETRY, STARS: FUNDAMENTAL PARAMETERS, CATALOGS},
     year = 2000,
    month = mar,
   volume = 355,
    pages = {L27-L30},
   adsurl = {http://adsabs.harvard.edu/abs/2000A%26A...355L..27H},
  adsnote = {Provided by the SAO/NASA Astrophysics Data System}
}

@ARTICLE{2009A&A...501..941H,
   author = {{Holmberg}, J. and {Nordstr{\"o}m}, B. and {Andersen}, J.},
    title = "{The Geneva-Copenhagen survey of the solar neighbourhood. III. Improved distances, ages, and kinematics}",
  journal = {\aap},
archivePrefix = "arXiv",
   eprint = {0811.3982},
 keywords = {solar neighborhood, Galaxy: disk, Galaxy: stellar, content, Galaxy: kinematics and dynamics, Galaxy: evolution, stars: fundamental parameters},
     year = 2009,
    month = jul,
   volume = 501,
    pages = {941-947},
      doi = {10.1051/0004-6361/200811191},
   adsurl = {http://adsabs.harvard.edu/abs/2009A%26A...501..941H},
  adsnote = {Provided by the SAO/NASA Astrophysics Data System}
}

@ARTICLE{2014MNRAS.443.2112H,
   author = {{Hunt}, J.~A.~S. and {Kawata}, D.},
    title = "{M2M modelling of the Galactic disc via PRIMAL: fitting to Gaia error added data}",
  journal = {\mnras},
archivePrefix = "arXiv",
   eprint = {1312.4949},
 keywords = {methods: numerical, Galaxy: structure, galaxies: kinematics and dynamics, galaxies: structure},
     year = 2014,
    month = sep,
   volume = 443,
    pages = {2112-2125},
      doi = {10.1093/mnras/stu1306},
   adsurl = {http://adsabs.harvard.edu/abs/2014MNRAS.443.2112H},
  adsnote = {Provided by the SAO/NASA Astrophysics Data System}
}

@ARTICLE{2008arXiv0805.2366I,
   author = {{Ivezic}, Z. and {Tyson}, J.~A. and {Abel}, B. and {Acosta}, E. and 
	{Allsman}, R. and {AlSayyad}, Y. and {Anderson}, S.~F. and {Andrew}, J. and 
	{Angel}, R. and {Angeli}, G. and {Ansari}, R. and {Antilogus}, P. and 
	{Arndt}, K.~T. and {Astier}, P. and {Aubourg}, E. and {Axelrod}, T. and 
	{Bard}, D.~J. and {Barr}, J.~D. and {Barrau}, A. and {Bartlett}, J.~G. and 
	{Bauman}, B.~J. and {Beaumont}, S. and {Becker}, A.~C. and {Becla}, J. and 
	{Beldica}, C. and {Bellavia}, S. and {Blanc}, G. and {Blandford}, R.~D. and 
	{Bloom}, J.~S. and {Bogart}, J. and {Borne}, K. and {Bosch}, J.~F. and 
	{Boutigny}, D. and {Brandt}, W.~N. and {Brown}, M.~E. and {Bullock}, J.~S. and 
	{Burchat}, P. and {Burke}, D.~L. and {Cagnoli}, G. and {Calabrese}, D. and 
	{Chandrasekharan}, S. and {Chesley}, S. and {Cheu}, E.~C. and 
	{Chiang}, J. and {Claver}, C.~F. and {Connolly}, A.~J. and {Cook}, K.~H. and 
	{Cooray}, A. and {Covey}, K.~R. and {Cribbs}, C. and {Cui}, W. and 
	{Cutri}, R. and {Daubard}, G. and {Daues}, G. and {Delgado}, F. and 
	{Digel}, S. and {Doherty}, P. and {Dubois}, R. and {Dubois-Felsmann}, G.~P. and 
	{Durech}, J. and {Eracleous}, M. and {Ferguson}, H. and {Frank}, J. and 
	{Freemon}, M. and {Gangler}, E. and {Gawiser}, E. and {Geary}, J.~C. and 
	{Gee}, P. and {Geha}, M. and {Gibson}, R.~R. and {Gilmore}, D.~K. and 
	{Glanzman}, T. and {Goodenow}, I. and {Gressler}, W.~J. and 
	{Gris}, P. and {Guyonnet}, A. and {Hascall}, P.~A. and {Haupt}, J. and 
	{Hernandez}, F. and {Hogan}, C. and {Huang}, D. and {Huffer}, M.~E. and 
	{Innes}, W.~R. and {Jacoby}, S.~H. and {Jain}, B. and {Jee}, J. and 
	{Jernigan}, J.~G. and {Jevremovic}, D. and {Johns}, K. and {Jones}, R.~L. and 
	{Juramy-Gilles}, C. and {Juric}, M. and {Kahn}, S.~M. and {Kalirai}, J.~S. and 
	{Kallivayalil}, N. and {Kalmbach}, B. and {Kantor}, J.~P. and 
	{Kasliwal}, M.~M. and {Kessler}, R. and {Kirkby}, D. and {Knox}, L. and 
	{Kotov}, I. and {Krabbendam}, V.~L. and {Krughoff}, S. and {Kubanek}, P. and 
	{Kuczewski}, J. and {Kulkarni}, S. and {Lambert}, R. and {Le Guillou}, L. and 
	{Levine}, D. and {Liang}, M. and {Lim}, K. and {Lintott}, C. and 
	{Lupton}, R.~H. and {Mahabal}, A. and {Marshall}, P. and {Marshall}, S. and 
	{May}, M. and {McKercher}, R. and {Migliore}, M. and {Miller}, M. and 
	{Mills}, D.~J. and {Monet}, D.~G. and {Moniez}, M. and {Neill}, D.~R. and 
	{Nief}, J. and {Nomerotski}, A. and {Nordby}, M. and {O'Connor}, P. and 
	{Oliver}, J. and {Olivier}, S.~S. and {Olsen}, K. and {Ortiz}, S. and 
	{Owen}, R.~E. and {Pain}, R. and {Peterson}, J.~R. and {Petry}, C.~E. and 
	{Pierfederici}, F. and {Pietrowicz}, S. and {Pike}, R. and {Pinto}, P.~A. and 
	{Plante}, R. and {Plate}, S. and {Price}, P.~A. and {Prouza}, M. and 
	{Radeka}, V. and {Rajagopal}, J. and {Rasmussen}, A. and {Regnault}, N. and 
	{Ridgway}, S.~T. and {Ritz}, S. and {Rosing}, W. and {Roucelle}, C. and 
	{Rumore}, M.~R. and {Russo}, S. and {Saha}, A. and {Sassolas}, B. and 
	{Schalk}, T.~L. and {Schindler}, R.~H. and {Schneider}, D.~P. and 
	{Schumacher}, G. and {Sebag}, J. and {Sembroski}, G.~H. and 
	{Seppala}, L.~G. and {Shipsey}, I. and {Silvestri}, N. and {Smith}, J.~A. and 
	{Smith}, R.~C. and {Strauss}, M.~A. and {Stubbs}, C.~W. and 
	{Sweeney}, D. and {Szalay}, A. and {Takacs}, P. and {Thaler}, J.~J. and 
	{Van Berg}, R. and {Vanden Berk}, D. and {Vetter}, K. and {Virieux}, F. and 
	{Xin}, B. and {Walkowicz}, L. and {Walter}, C.~W. and {Wang}, D.~L. and 
	{Warner}, M. and {Willman}, B. and {Wittman}, D. and {Wolff}, S.~C. and 
	{Wood-Vasey}, W.~M. and {Yoachim}, P. and {Zhan}, H. and {for the LSST Collaboration}
	},
    title = "{LSST: from Science Drivers to Reference Design and Anticipated Data Products}",
  journal = {ArXiv e-prints},
archivePrefix = "arXiv",
   eprint = {0805.2366},
 keywords = {Astrophysics},
     year = 2008,
    month = may,
   adsurl = {http://adsabs.harvard.edu/abs/2008arXiv0805.2366I},
  adsnote = {Provided by the SAO/NASA Astrophysics Data System}
}

@INPROCEEDINGS{2008IAUS..248..537I,
   author = {{Ivezi{\'c}}, {\v Z}. and {Monet}, D.~G. and {Bond}, N. and 
	{Juri{\'c}}, M. and {Sesar}, B. and {Munn}, J.~A. and {Lupton}, R.~H. and 
	{Gunn}, J.~E. and {Knapp}, G.~R. and {Tyson}, A.~J. and {Pinto}, P. and 
	{Cook}, K.},
    title = "{Astrometry with digital sky surveys: from SDSS to LSST}",
 keywords = {astrometry, catalogs, surveys},
booktitle = {A Giant Step: from Milli- to Micro-arcsecond Astrometry},
     year = 2008,
   series = {IAU Symposium},
   volume = 248,
   editor = {{Jin}, W.~J. and {Platais}, I. and {Perryman}, M.~A.~C.},
    month = jul,
    pages = {537-543},
      doi = {10.1017/S1743921308020103},
   adsurl = {http://adsabs.harvard.edu/abs/2008IAUS..248..537I},
  adsnote = {Provided by the SAO/NASA Astrophysics Data System}
}

@ARTICLE{2010A&A...523A..48J,
   author = {{Jordi}, C. and {Gebran}, M. and {Carrasco}, J.~M. and {de Bruijne}, J. and 
	{Voss}, H. and {Fabricius}, C. and {Knude}, J. and {Vallenari}, A. and 
	{Kohley}, R. and {Mora}, A.},
    title = "{Gaia broad band photometry}",
  journal = {\aap},
archivePrefix = "arXiv",
   eprint = {1008.0815},
 primaryClass = "astro-ph.IM",
 keywords = {instrumentation: photometers, techniques: photometric, Galaxy: general, dust, extinction, stars: evolution},
     year = 2010,
    month = nov,
   volume = 523,
      eid = {A48},
    pages = {A48},
      doi = {10.1051/0004-6361/201015441},
   adsurl = {http://adsabs.harvard.edu/abs/2010A%26A...523A..48J},
  adsnote = {Provided by the SAO/NASA Astrophysics Data System}
}

@ARTICLE{2008ApJ...673..864J,
   author = {{Juri{\'c}}, M. and {Ivezi{\'c}}, {\v Z}. and {Brooks}, A. and 
	{Lupton}, R.~H. and {Schlegel}, D. and {Finkbeiner}, D. and 
	{Padmanabhan}, N. and {Bond}, N. and {Sesar}, B. and {Rockosi}, C.~M. and 
	{Knapp}, G.~R. and {Gunn}, J.~E. and {Sumi}, T. and {Schneider}, D.~P. and 
	{Barentine}, J.~C. and {Brewington}, H.~J. and {Brinkmann}, J. and 
	{Fukugita}, M. and {Harvanek}, M. and {Kleinman}, S.~J. and 
	{Krzesinski}, J. and {Long}, D. and {Neilsen}, Jr., E.~H. and 
	{Nitta}, A. and {Snedden}, S.~A. and {York}, D.~G.},
    title = "{The Milky Way Tomography with SDSS. I. Stellar Number Density Distribution}",
  journal = {\apj},
   eprint = {astro-ph/0510520},
 keywords = {Galaxy: disk, Galaxy: fundamental parameters, Galaxy: halo, Galaxy: structure },
     year = 2008,
    month = feb,
   volume = 673,
      eid = {864-914},
    pages = {864-914},
      doi = {10.1086/523619},
   adsurl = {http://adsabs.harvard.edu/abs/2008ApJ...673..864J},
  adsnote = {Provided by the SAO/NASA Astrophysics Data System}
}

@INPROCEEDINGS{2010SPIE.7733E..0EK,
   author = {{Kaiser}, N. and {Burgett}, W. and {Chambers}, K. and {Denneau}, L. and 
	{Heasley}, J. and {Jedicke}, R. and {Magnier}, E. and {Morgan}, J. and 
	{Onaka}, P. and {Tonry}, J.},
    title = "{The Pan-STARRS wide-field optical/NIR imaging survey}",
booktitle = {Ground-based and Airborne Telescopes III},
     year = 2010,
   series = {\procspie},
   volume = 7733,
    month = jul,
      eid = {77330E},
    pages = {77330E},
      doi = {10.1117/12.859188},
   adsurl = {http://adsabs.harvard.edu/abs/2010SPIE.7733E..0EK},
  adsnote = {Provided by the SAO/NASA Astrophysics Data System}
}

@ARTICLE{1989MNRAS.239..605K,
   author = {{Kuijken}, K. and {Gilmore}, G.},
    title = "{The Mass Distribution in the Galactic Disc - II - Determination of the Surface Mass Density of the Galactic Disc Near the Sun}",
  journal = {\mnras},
     year = 1989,
    month = aug,
   volume = 239,
    pages = {605-649},
      doi = {10.1093/mnras/239.2.605},
   adsurl = {http://adsabs.harvard.edu/abs/1989MNRAS.239..605K},
  adsnote = {Provided by the SAO/NASA Astrophysics Data System}
}

@ARTICLE{2014MNRAS.437.2230M,
   author = {{Magorrian}, J.},
    title = "{Bayes versus the virial theorem: inferring the potential of a galaxy from a kinematical snapshot}",
  journal = {\mnras},
archivePrefix = "arXiv",
   eprint = {1303.6099},
 keywords = {methods: data analysis, galaxies: kinematics and dynamics, galaxies: structure},
     year = 2014,
    month = jan,
   volume = 437,
    pages = {2230-2248},
      doi = {10.1093/mnras/stt2031},
   adsurl = {http://adsabs.harvard.edu/abs/2014MNRAS.437.2230M},
  adsnote = {Provided by the SAO/NASA Astrophysics Data System}
}

@ARTICLE{2008MNRAS.390..429M,
   author = {{McMillan}, P.~J. and {Binney}, J.~J.},
    title = "{Disassembling the Galaxy with angle-action coordinates}",
  journal = {\mnras},
archivePrefix = "arXiv",
   eprint = {0806.0319},
 keywords = {methods: numerical , Galaxy: kinematics and dynamics , solar neighbourhood , Galaxy: structure},
     year = 2008,
    month = oct,
   volume = 390,
    pages = {429-437},
      doi = {10.1111/j.1365-2966.2008.13767.x},
   adsurl = {http://adsabs.harvard.edu/abs/2008MNRAS.390..429M},
  adsnote = {Provided by the SAO/NASA Astrophysics Data System}
}

@INPROCEEDINGS{2012EPJWC..1910002M,
   author = {{McMillan}, P.~J.},
    title = "{Dynamical models of the Galaxy}",
booktitle = {European Physical Journal Web of Conferences},
     year = 2012,
   series = {European Physical Journal Web of Conferences},
   volume = 19,
archivePrefix = "arXiv",
   eprint = {1110.3429},
    month = feb,
      eid = {10002},
    pages = {10002},
      doi = {10.1051/epjconf/20121910002},
   adsurl = {http://adsabs.harvard.edu/abs/2012EPJWC..1910002M},
  adsnote = {Provided by the SAO/NASA Astrophysics Data System}
}

@ARTICLE{2012MNRAS.419.2251M,
   author = {{McMillan}, P.~J. and {Binney}, J.},
    title = "{Analysing surveys of our Galaxy - I. Basic astrometric data}",
  journal = {\mnras},
archivePrefix = "arXiv",
   eprint = {1108.1749},
 keywords = {methods: data analysis, Galaxy: disc, solar neighbourhood, galaxies: evolution, galaxies: kinematics and dynamics},
     year = 2012,
    month = jan,
   volume = 419,
    pages = {2251-2263},
      doi = {10.1111/j.1365-2966.2011.19879.x},
   adsurl = {http://adsabs.harvard.edu/abs/2012MNRAS.419.2251M},
  adsnote = {Provided by the SAO/NASA Astrophysics Data System}
}


@ARTICLE{2013MNRAS.433.1411M,
   author = {{McMillan}, P.~J. and {Binney}, J.~J.},
    title = "{Analysing surveys of our Galaxy - II. Determining the potential}",
  journal = {\mnras},
archivePrefix = "arXiv",
   eprint = {1303.5660},
 keywords = {methods: data analysis, Galaxy: kinematics and dynamics, Galaxy: structure},
     year = 2013,
    month = aug,
   volume = 433,
    pages = {1411-1424},
      doi = {10.1093/mnras/stt814},
   adsurl = {http://adsabs.harvard.edu/abs/2013MNRAS.433.1411M},
  adsnote = {Provided by the SAO/NASA Astrophysics Data System}
}

@ARTICLE{2003AJ....125..984M,
   author = {{Monet}, D.~G. and {Levine}, S.~E. and {Canzian}, B. and {Ables}, H.~D. and 
	{Bird}, A.~R. and {Dahn}, C.~C. and {Guetter}, H.~H. and {Harris}, H.~C. and 
	{Henden}, A.~A. and {Leggett}, S.~K. and {Levison}, H.~F. and 
	{Luginbuhl}, C.~B. and {Martini}, J. and {Monet}, A.~K.~B. and 
	{Munn}, J.~A. and {Pier}, J.~R. and {Rhodes}, A.~R. and {Riepe}, B. and 
	{Sell}, S. and {Stone}, R.~C. and {Vrba}, F.~J. and {Walker}, R.~L. and 
	{Westerhout}, G. and {Brucato}, R.~J. and {Reid}, I.~N. and 
	{Schoening}, W. and {Hartley}, M. and {Read}, M.~A. and {Tritton}, S.~B.
	},
    title = "{The USNO-B Catalog}",
  journal = {\aj},
   eprint = {astro-ph/0210694},
 keywords = {Astrometry, Catalogs},
     year = 2003,
    month = feb,
   volume = 125,
    pages = {984-993},
      doi = {10.1086/345888},
   adsurl = {http://adsabs.harvard.edu/abs/2003AJ....125..984M},
  adsnote = {Provided by the SAO/NASA Astrophysics Data System}
}

@ARTICLE{2004AJ....127.3034M,
   author = {{Munn}, J.~A. and {Monet}, D.~G. and {Levine}, S.~E. and {Canzian}, B. and 
	{Pier}, J.~R. and {Harris}, H.~C. and {Lupton}, R.~H. and {Ivezi{\'c}}, {\v Z}. and 
	{Hindsley}, R.~B. and {Hennessy}, G.~S. and {Schneider}, D.~P. and 
	{Brinkmann}, J.},
    title = "{An Improved Proper-Motion Catalog Combining USNO-B and the Sloan Digital Sky Survey}",
  journal = {\aj},
 keywords = {Astrometry, Catalogs},
     year = 2004,
    month = may,
   volume = 127,
    pages = {3034-3042},
      doi = {10.1086/383292},
   adsurl = {http://adsabs.harvard.edu/abs/2004AJ....127.3034M},
  adsnote = {Provided by the SAO/NASA Astrophysics Data System}
}

@ARTICLE{2008AJ....136..895M,
   author = {{Munn}, J.~A. and {Monet}, D.~G. and {Levine}, S.~E. and {Canzian}, B. and 
	{Pier}, J.~R. and {Harris}, H.~C. and {Lupton}, R.~H. and {Ivezi{\'c}}, {\v Z}. and 
	{Hindsley}, R.~B. and {Hennessy}, G.~S. and {Schneider}, D.~P. and 
	{Brinkmann}, J.},
    title = "{Erratum: ''an Improved Proper-Motion Catalog Combining Usno-B and the Sloan Digital Sky Survey'' (2004, AJ, 127, 3034)}",
  journal = {\aj},
     year = 2008,
    month = aug,
   volume = 136,
    pages = {895},
      doi = {10.1088/0004-6256/136/2/895},
   adsurl = {http://adsabs.harvard.edu/abs/2008AJ....136..895M},
  adsnote = {Provided by the SAO/NASA Astrophysics Data System}
}

@ARTICLE{2004A&A...418..989N,
   author = {{Nordstr{\"o}m}, B. and {Mayor}, M. and {Andersen}, J. and {Holmberg}, J. and 
	{Pont}, F. and {J{\o}rgensen}, B.~R. and {Olsen}, E.~H. and 
	{Udry}, S. and {Mowlavi}, N.},
    title = "{The Geneva-Copenhagen survey of the Solar neighbourhood. Ages, metallicities, and kinematic properties of {\tilde}14 000 F and G dwarfs}",
  journal = {\aap},
   eprint = {astro-ph/0405198},
 keywords = {Galaxy: disk, Galaxy: solar neighbourhood, Galaxy: stellar content, Galaxy: kinematics and dynamics, Galaxy: evolution, stars: fundamental parameters},
     year = 2004,
    month = may,
   volume = 418,
    pages = {989-1019},
      doi = {10.1051/0004-6361:20035959},
   adsurl = {http://adsabs.harvard.edu/abs/2004A%26A...418..989N},
  adsnote = {Provided by the SAO/NASA Astrophysics Data System}
}

@ARTICLE{2001A&A...369..339P,
   author = {{Perryman}, M.~A.~C. and {de Boer}, K.~S. and {Gilmore}, G. and 
	{H{\o}g}, E. and {Lattanzi}, M.~G. and {Lindegren}, L. and {Luri}, X. and 
	{Mignard}, F. and {Pace}, O. and {de Zeeuw}, P.~T.},
    title = "{GAIA: Composition, formation and evolution of the Galaxy}",
  journal = {\aap},
   eprint = {astro-ph/0101235},
 keywords = {INSTRUMENTATION: MISCELLANEOUS, SPACE VEHICLES: INSTRUMENTS, ASTROMETRY, GALAXY: GENERAL, TECHNIQUES: PHOTOMETRIC, TECHNIQUES: RADIAL VELOCITIES},
     year = 2001,
    month = apr,
   volume = 369,
    pages = {339-363},
      doi = {10.1051/0004-6361:20010085},
   adsurl = {http://adsabs.harvard.edu/abs/2001A%26A...369..339P},
  adsnote = {Provided by the SAO/NASA Astrophysics Data System}
}

@ARTICLE{2014MNRAS.445.3133P,
   author = {{Piffl}, T. and {Binney}, J. and {McMillan}, P.~J. and {Steinmetz}, M. and 
	{Helmi}, A. and {Wyse}, R.~F.~G. and {Bienaym{\'e}}, O. and 
	{Bland-Hawthorn}, J. and {Freeman}, K. and {Gibson}, B. and 
	{Gilmore}, G. and {Grebel}, E.~K. and {Kordopatis}, G. and {Navarro}, J.~F. and 
	{Parker}, Q. and {Reid}, W.~A. and {Seabroke}, G. and {Siebert}, A. and 
	{Watson}, F. and {Zwitter}, T.},
    title = "{Constraining the Galaxy's dark halo with RAVE stars}",
  journal = {\mnras},
archivePrefix = "arXiv",
   eprint = {1406.4130},
 keywords = {Galaxy: disc, Galaxy: fundamental parameters, Galaxy: halo, Galaxy: kinematics and dynamics, solar neighbourhood, Galaxy: structure},
     year = 2014,
    month = dec,
   volume = 445,
    pages = {3133-3151},
      doi = {10.1093/mnras/stu1948},
   adsurl = {http://adsabs.harvard.edu/abs/2014MNRAS.445.3133P},
  adsnote = {Provided by the SAO/NASA Astrophysics Data System}
}

@ARTICLE{2014JPhG...41f3101R,
   author = {{Read}, J.~I.},
    title = "{The local dark matter density}",
  journal = {Journal of Physics G Nuclear Physics},
archivePrefix = "arXiv",
   eprint = {1404.1938},
     year = 2014,
    month = jun,
   volume = 41,
   number = 6,
      eid = {063101},
    pages = {063101},
      doi = {10.1088/0954-3899/41/6/063101},
   adsurl = {http://adsabs.harvard.edu/abs/2014JPhG...41f3101R},
  adsnote = {Provided by the SAO/NASA Astrophysics Data System}
}

@ARTICLE{2009ApJ...700..137R,
   author = {{Reid}, M.~J. and {Menten}, K.~M. and {Zheng}, X.~W. and {Brunthaler}, A. and 
	{Moscadelli}, L. and {Xu}, Y. and {Zhang}, B. and {Sato}, M. and 
	{Honma}, M. and {Hirota}, T. and {Hachisuka}, K. and {Choi}, Y.~K. and 
	{Moellenbrock}, G.~A. and {Bartkiewicz}, A.},
    title = "{Trigonometric Parallaxes of Massive Star-Forming Regions. VI. Galactic Structure, Fundamental Parameters, and Noncircular Motions}",
  journal = {\apj},
archivePrefix = "arXiv",
   eprint = {0902.3913},
 primaryClass = "astro-ph.GA",
 keywords = {astrometry, Galaxy: fundamental parameters, Galaxy: halo, Galaxy: kinematics and dynamics, Galaxy: structure, stars: formation},
     year = 2009,
    month = jul,
   volume = 700,
      eid = {137-148},
    pages = {137-148},
      doi = {10.1088/0004-637X/700/1/137},
   adsurl = {http://adsabs.harvard.edu/abs/2009ApJ...700..137R},
  adsnote = {Provided by the SAO/NASA Astrophysics Data System}
}

@ARTICLE{2013A&ARv..21...61R,
   author = {{Rix}, H.-W. and {Bovy}, J.},
    title = "{The Milky Way's stellar disk. Mapping and modeling the Galactic disk}",
  journal = {\aapr},
archivePrefix = "arXiv",
   eprint = {1301.3168},
 primaryClass = "astro-ph.GA",
 keywords = {Galaxy: Disk, dynamics and kinematics, formation and evolution, stellar populations, Surveys},
     year = 2013,
    month = may,
   volume = 21,
      eid = {61},
    pages = {61},
      doi = {10.1007/s00159-013-0061-8},
   adsurl = {http://adsabs.harvard.edu/abs/2013A%26ARv..21...61R},
  adsnote = {Provided by the SAO/NASA Astrophysics Data System}
}

@ARTICLE{2012A&A...543A.100R,
   author = {{Robin}, A.~C. and {Luri}, X. and {Reyl{\'e}}, C. and {Isasi}, Y. and 
	{Grux}, E. and {Blanco-Cuaresma}, S. and {Arenou}, F. and {Babusiaux}, C. and 
	{Belcheva}, M. and {Drimmel}, R. and {Jordi}, C. and {Krone-Martins}, A. and 
	{Masana}, E. and {Mauduit}, J.~C. and {Mignard}, F. and {Mowlavi}, N. and 
	{Rocca-Volmerange}, B. and {Sartoretti}, P. and {Slezak}, E. and 
	{Sozzetti}, A.},
    title = "{Gaia Universe model snapshot. A statistical analysis of the expected contents of the Gaia catalogue}",
  journal = {\aap},
archivePrefix = "arXiv",
   eprint = {1202.0132},
 keywords = {methods: data analysis, Galaxy: stellar content, catalogs, Galaxy: structure, galaxies: statistics, stars: statistics},
     year = 2012,
    month = jul,
   volume = 543,
      eid = {A100},
    pages = {A100},
      doi = {10.1051/0004-6361/201118646},
   adsurl = {http://adsabs.harvard.edu/abs/2012A%26A...543A.100R},
  adsnote = {Provided by the SAO/NASA Astrophysics Data System}
}

@ARTICLE{2015MNRAS.449.3479S,
   author = {{Sanders}, J.~L. and {Binney}, J.},
    title = "{Extended distribution functions for our Galaxy}",
  journal = {\mnras},
archivePrefix = "arXiv",
   eprint = {1501.02227},
 keywords = {Galaxy: abundances, Galaxy: disc, Galaxy: evolution, Galaxy: kinematics and dynamics, solar neighbourhood},
     year = 2015,
    month = jun,
   volume = 449,
    pages = {3479-3502},
      doi = {10.1093/mnras/stv578},
   adsurl = {http://adsabs.harvard.edu/abs/2015MNRAS.449.3479S},
  adsnote = {Provided by the SAO/NASA Astrophysics Data System}
}

@ARTICLE{2016MNRAS.457.2107S,
   author = {{Sanders}, J.~L. and {Binney}, J.},
    title = "{A review of action estimation methods for galactic dynamics}",
  journal = {\mnras},
archivePrefix = "arXiv",
   eprint = {1511.08213},
 keywords = {methods: numerical, galaxies: kinematics and dynamics},
     year = 2016,
    month = apr,
   volume = 457,
    pages = {2107-2121},
      doi = {10.1093/mnras/stw106},
   adsurl = {http://adsabs.harvard.edu/abs/2016MNRAS.457.2107S},
  adsnote = {Provided by the SAO/NASA Astrophysics Data System}
}

@ARTICLE{2015ApJ...809...59S,
   author = {{Sesar}, B. and {Bovy}, J. and {Bernard}, E.~J. and {Caldwell}, N. and 
	{Cohen}, J.~G. and {Fouesneau}, M. and {Johnson}, C.~I. and 
	{Ness}, M. and {Ferguson}, A.~M.~N. and {Martin}, N.~F. and 
	{Price-Whelan}, A.~M. and {Rix}, H.-W. and {Schlafly}, E.~F. and 
	{Burgett}, W.~S. and {Chambers}, K.~C. and {Flewelling}, H. and 
	{Hodapp}, K.~W. and {Kaiser}, N. and {Magnier}, E.~A. and {Platais}, I. and 
	{Tonry}, J.~L. and {Waters}, C. and {Wyse}, R.~F.~G.},
    title = "{The Nature and Orbit of the Ophiuchus Stream}",
  journal = {\apj},
archivePrefix = "arXiv",
   eprint = {1501.00581},
 keywords = {Galaxy: halo, Galaxy: kinematics and dynamics, Galaxy: structure, globular clusters: general},
     year = 2015,
    month = aug,
   volume = 809,
      eid = {59},
    pages = {59},
      doi = {10.1088/0004-637X/809/1/59},
   adsurl = {http://adsabs.harvard.edu/abs/2015ApJ...809...59S},
  adsnote = {Provided by the SAO/NASA Astrophysics Data System}
}

@ARTICLE{2006AJ....131.1163S,
   author = {{Skrutskie}, M.~F. and {Cutri}, R.~M. and {Stiening}, R. and 
	{Weinberg}, M.~D. and {Schneider}, S. and {Carpenter}, J.~M. and 
	{Beichman}, C. and {Capps}, R. and {Chester}, T. and {Elias}, J. and 
	{Huchra}, J. and {Liebert}, J. and {Lonsdale}, C. and {Monet}, D.~G. and 
	{Price}, S. and {Seitzer}, P. and {Jarrett}, T. and {Kirkpatrick}, J.~D. and 
	{Gizis}, J.~E. and {Howard}, E. and {Evans}, T. and {Fowler}, J. and 
	{Fullmer}, L. and {Hurt}, R. and {Light}, R. and {Kopan}, E.~L. and 
	{Marsh}, K.~A. and {McCallon}, H.~L. and {Tam}, R. and {Van Dyk}, S. and 
	{Wheelock}, S.},
    title = "{The Two Micron All Sky Survey (2MASS)}",
  journal = {\aj},
 keywords = {Catalogs, Infrared: General, Surveys},
     year = 2006,
    month = feb,
   volume = 131,
    pages = {1163-1183},
      doi = {10.1086/498708},
   adsurl = {http://adsabs.harvard.edu/abs/2006AJ....131.1163S},
  adsnote = {Provided by the SAO/NASA Astrophysics Data System}
}

@ARTICLE{2006AJ....132.1645S,
   author = {{Steinmetz}, M. and {Zwitter}, T. and {Siebert}, A. and {Watson}, F.~G. and 
	{Freeman}, K.~C. and {Munari}, U. and {Campbell}, R. and {Williams}, M. and 
	{Seabroke}, G.~M. and {Wyse}, R.~F.~G. and {Parker}, Q.~A. and 
	{Bienaym{\'e}}, O. and {Roeser}, S. and {Gibson}, B.~K. and 
	{Gilmore}, G. and {Grebel}, E.~K. and {Helmi}, A. and {Navarro}, J.~F. and 
	{Burton}, D. and {Cass}, C.~J.~P. and {Dawe}, J.~A. and {Fiegert}, K. and 
	{Hartley}, M. and {Russell}, K.~S. and {Saunders}, W. and {Enke}, H. and 
	{Bailin}, J. and {Binney}, J. and {Bland-Hawthorn}, J. and {Boeche}, C. and 
	{Dehnen}, W. and {Eisenstein}, D.~J. and {Evans}, N.~W. and 
	{Fiorucci}, M. and {Fulbright}, J.~P. and {Gerhard}, O. and 
	{Jauregi}, U. and {Kelz}, A. and {Mijovi{\'c}}, L. and {Minchev}, I. and 
	{Parmentier}, G. and {Pe{\~n}arrubia}, J. and {Quillen}, A.~C. and 
	{Read}, M.~A. and {Ruchti}, G. and {Scholz}, R.-D. and {Siviero}, A. and 
	{Smith}, M.~C. and {Sordo}, R. and {Veltz}, L. and {Vidrih}, S. and 
	{von Berlepsch}, R. and {Boyle}, B.~J. and {Schilbach}, E.},
    title = "{The Radial Velocity Experiment (RAVE): First Data Release}",
  journal = {\aj},
   eprint = {astro-ph/0606211},
 keywords = {Catalogs, Stars: Fundamental Parameters, Surveys},
     year = 2006,
    month = oct,
   volume = 132,
    pages = {1645-1668},
      doi = {10.1086/506564},
   adsurl = {http://adsabs.harvard.edu/abs/2006AJ....132.1645S},
  adsnote = {Provided by the SAO/NASA Astrophysics Data System}
}

@ARTICLE{2013PhR...531....1S,
   author = {{Strigari}, L.~E.},
    title = "{Galactic searches for dark matter}",
  journal = {\physrep},
archivePrefix = "arXiv",
   eprint = {1211.7090},
     year = 2013,
    month = oct,
   volume = 531,
    pages = {1-88},
      doi = {10.1016/j.physrep.2013.05.004},
   adsurl = {http://adsabs.harvard.edu/abs/2013PhR...531....1S},
  adsnote = {Provided by the SAO/NASA Astrophysics Data System}
}

@ARTICLE{1996MNRAS.282..223S,
   author = {{Syer}, D. and {Tremaine}, S.},
    title = "{Made-to-measure N-body systems}",
  journal = {\mnras},
   eprint = {astro-ph/9605061},
 keywords = {METHODS: NUMERICAL, GALAXIES: KINEMATICS AND DYNAMICS},
     year = 1996,
    month = sep,
   volume = 282,
    pages = {223-233},
      doi = {10.1093/mnras/282.1.223},
   adsurl = {http://adsabs.harvard.edu/abs/1996MNRAS.282..223S},
  adsnote = {Provided by the SAO/NASA Astrophysics Data System}
}

@ARTICLE{2013MNRAS.434..652T,
   author = {{Ting}, Y.-S. and {Rix}, H.-W. and {Bovy}, J. and {van de Ven}, G.
	},
    title = "{Constraining the Galactic potential via action-based distribution functions for mono-abundance stellar populations}",
  journal = {\mnras},
archivePrefix = "arXiv",
   eprint = {1212.0006},
 keywords = {Galaxy: disc, Galaxy: fundamental parameters, Galaxy: halo, Galaxy: kinematics and dynamics, Galaxy: structure},
     year = 2013,
    month = sep,
   volume = 434,
    pages = {652-660},
      doi = {10.1093/mnras/stt1053},
   adsurl = {http://adsabs.harvard.edu/abs/2013MNRAS.434..652T},
  adsnote = {Provided by the SAO/NASA Astrophysics Data System}
}

@ARTICLE{2009AJ....137.4377Y,
   author = {{Yanny}, B. and {Rockosi}, C. and {Newberg}, H.~J. and {Knapp}, G.~R. and 
	{Adelman-McCarthy}, J.~K. and {Alcorn}, B. and {Allam}, S. and 
	{Allende Prieto}, C. and {An}, D. and {Anderson}, K.~S.~J. and 
	{Anderson}, S. and {Bailer-Jones}, C.~A.~L. and {Bastian}, S. and 
	{Beers}, T.~C. and {Bell}, E. and {Belokurov}, V. and {Bizyaev}, D. and 
	{Blythe}, N. and {Bochanski}, J.~J. and {Boroski}, W.~N. and 
	{Brinchmann}, J. and {Brinkmann}, J. and {Brewington}, H. and 
	{Carey}, L. and {Cudworth}, K.~M. and {Evans}, M. and {Evans}, N.~W. and 
	{Gates}, E. and {G{\"a}nsicke}, B.~T. and {Gillespie}, B. and 
	{Gilmore}, G. and {Nebot Gomez-Moran}, A. and {Grebel}, E.~K. and 
	{Greenwell}, J. and {Gunn}, J.~E. and {Jordan}, C. and {Jordan}, W. and 
	{Harding}, P. and {Harris}, H. and {Hendry}, J.~S. and {Holder}, D. and 
	{Ivans}, I.~I. and {Ivezi{\v c}}, {\v Z}. and {Jester}, S. and 
	{Johnson}, J.~A. and {Kent}, S.~M. and {Kleinman}, S. and {Kniazev}, A. and 
	{Krzesinski}, J. and {Kron}, R. and {Kuropatkin}, N. and {Lebedeva}, S. and 
	{Lee}, Y.~S. and {French Leger}, R. and {L{\'e}pine}, S. and 
	{Levine}, S. and {Lin}, H. and {Long}, D.~C. and {Loomis}, C. and 
	{Lupton}, R. and {Malanushenko}, O. and {Malanushenko}, V. and 
	{Margon}, B. and {Martinez-Delgado}, D. and {McGehee}, P. and 
	{Monet}, D. and {Morrison}, H.~L. and {Munn}, J.~A. and {Neilsen}, Jr., E.~H. and 
	{Nitta}, A. and {Norris}, J.~E. and {Oravetz}, D. and {Owen}, R. and 
	{Padmanabhan}, N. and {Pan}, K. and {Peterson}, R.~S. and {Pier}, J.~R. and 
	{Platson}, J. and {Re Fiorentin}, P. and {Richards}, G.~T. and 
	{Rix}, H.-W. and {Schlegel}, D.~J. and {Schneider}, D.~P. and 
	{Schreiber}, M.~R. and {Schwope}, A. and {Sibley}, V. and {Simmons}, A. and 
	{Snedden}, S.~A. and {Allyn Smith}, J. and {Stark}, L. and {Stauffer}, F. and 
	{Steinmetz}, M. and {Stoughton}, C. and {SubbaRao}, M. and {Szalay}, A. and 
	{Szkody}, P. and {Thakar}, A.~R. and {Sivarani}, T. and {Tucker}, D. and 
	{Uomoto}, A. and {Vanden Berk}, D. and {Vidrih}, S. and {Wadadekar}, Y. and 
	{Watters}, S. and {Wilhelm}, R. and {Wyse}, R.~F.~G. and {Yarger}, J. and 
	{Zucker}, D.},
    title = "{SEGUE: A Spectroscopic Survey of 240,000 Stars with g = 14-20}",
  journal = {\aj},
archivePrefix = "arXiv",
   eprint = {0902.1781},
 primaryClass = "astro-ph.GA",
 keywords = {Galaxy: halo, Galaxy: stellar content, Galaxy: structure, stars: abundances, stars: fundamental parameters, stars: general},
     year = 2009,
    month = may,
   volume = 137,
      eid = {4377-4399},
    pages = {4377-4399},
      doi = {10.1088/0004-6256/137/5/4377},
   adsurl = {http://adsabs.harvard.edu/abs/2009AJ....137.4377Y},
  adsnote = {Provided by the SAO/NASA Astrophysics Data System}
}

@ARTICLE{2013ApJ...772..108Z,
   author = {{Zhang}, L. and {Rix}, H.-W. and {van de Ven}, G. and {Bovy}, J. and 
	{Liu}, C. and {Zhao}, G.},
    title = "{The Gravitational Potential near the Sun from SEGUE K-dwarf Kinematics}",
  journal = {\apj},
archivePrefix = "arXiv",
   eprint = {1209.0256},
 keywords = {Galaxy: kinematics and dynamics, Galaxy: structure, solar neighborhood},
     year = 2013,
    month = aug,
   volume = 772,
      eid = {108},
    pages = {108},
      doi = {10.1088/0004-637X/772/2/108},
   adsurl = {http://adsabs.harvard.edu/abs/2013ApJ...772..108Z},
  adsnote = {Provided by the SAO/NASA Astrophysics Data System}
}
